<?xml version="1.0" encoding="UTF-8"?><record xmlns="http://www.loc.gov/MARC21/slim" xmlns:cinclude="http://apache.org/cocoon/include/1.0" xmlns:zs="http://www.loc.gov/zing/srw/">
  <leader>00658nz  a2200133n  4500</leader>
  <controlfield tag="001">n  96118371 </controlfield>
  <controlfield tag="003">DLC</controlfield>
  <controlfield tag="005">19970115105055.7</controlfield>
  <controlfield tag="008">961209n| acannaab|          |a ana |||  </controlfield>
  <datafield tag="010" ind1=" " ind2=" ">
    <subfield code="a">n  96118371 </subfield>
  </datafield>
  <datafield tag="040" ind1=" " ind2=" ">
    <subfield code="a">DLC</subfield>
    <subfield code="c">DLC</subfield>
  </datafield>
  <datafield tag="110" ind1="2" ind2="0">
    <subfield code="a">Committees for Democratic Action</subfield>
  </datafield>
  <datafield tag="410" ind1="2" ind2="0">
    <subfield code="a">CDA</subfield>
  </datafield>
  <datafield tag="670" ind1=" " ind2=" ">
    <subfield code="a">Autonomy vs. statehood, 1994:</subfield>
    <subfield code="b">t.p. (Committees for Democratic Action) p. 4 of cover (CDA; an organization working in Israel, members are the activists of the Hanitzotz A-Shrarara [i.e. A-Sharara] org., board members of the Al-Baqa Center in Majd Al-Krum, members of the Student Progress Bloc; their goal is a comprehensive solution to the Palestinian-Israeli conflict)</subfield>
  </datafield>
</record>